<?xml version="1.0" encoding="UTF-8"?><collection xmlns="http://www.loc.gov/MARC21/slim"><record><leader>00454nam--2200133-i-4500</leader><controlfield tag="001">000000278</controlfield><controlfield tag="002">20161230</controlfield><controlfield tag="005">20161230201024</controlfield><controlfield tag="008">060222s1000------------r-----000-0-eng-d</controlfield><datafield ind1=" " ind2=" " tag="100"><subfield code="a">Frungel, Frantz</subfield></datafield><datafield ind1=" " ind2=" " tag="245"><subfield code="a">Impulstechnik.erzeugung und anwendung von kondensatorentlandungen.2-te durchgesehene auflage</subfield></datafield><datafield ind1=" " ind2=" " tag="260"><subfield code="a">Leipzig, Akademische Verlagsgesellschaft. X + 575 P. + 259 Fig. + 27 Tab</subfield></datafield><datafield ind1=" " ind2=" " tag="490"><subfield code="a">Technische-physikalische Monographien</subfield></datafield><datafield ind1=" " ind2=" " tag="852"><subfield code="a">7553</subfield></datafield></record></collection>